<?xml version="1.0" encoding="UTF-8"?>
<marc:collection xmlns:marc="http://www.loc.gov/MARC21/slim" xmlns:xsi="http://www.w3.org/2001/XMLSchema-instance" xsi:schemaLocation="http://www.loc.gov/MARC21/slim http://www.loc.gov/standards/marcxml/schema/MARC21slim.xsd">
   <marc:record type="Bibliographic">
      <marc:leader>01134cam a2200241 a 4500</marc:leader>
      <marc:controlfield tag="001">440823</marc:controlfield>
      <marc:controlfield tag="003">NjP</marc:controlfield>
      <marc:controlfield tag="005">20160827153821.0</marc:controlfield>
      <marc:controlfield tag="008">880427s1979    ir       b    00010 ara d</marc:controlfield>
      <marc:datafield tag="024" ind1="7" ind2=" ">
         <marc:subfield code="a">princeton_aco001079</marc:subfield>
         <marc:subfield code="2">local</marc:subfield>
      </marc:datafield>
      <marc:datafield tag="035" ind1=" " ind2=" ">
         <marc:subfield code="a">(OCoLC)25342918</marc:subfield>
      </marc:datafield>
      <marc:datafield tag="035" ind1=" " ind2=" ">
         <marc:subfield code="a">(CStRLIN)NJPG88-B21894</marc:subfield>
      </marc:datafield>
      <marc:datafield tag="035" ind1=" " ind2=" ">
         <marc:subfield code="9">ACB6438TS</marc:subfield>
      </marc:datafield>
      <marc:datafield tag="040" ind1=" " ind2=" ">
         <marc:subfield code="a">NjP</marc:subfield>
         <marc:subfield code="c">NjP</marc:subfield>
      </marc:datafield>
      <marc:datafield tag="100" ind1="2" ind2=" ">
         <marc:subfield code="a">Ibn Ṭāwūs, ʻAlī ibn Mūsá,</marc:subfield>
         <marc:subfield code="d">1193-1266.</marc:subfield>
         <marc:subfield code="0">(uri)http://id.loc.gov/authorities/names/nr89015361</marc:subfield>
      </marc:datafield>
      <marc:datafield tag="245" ind1="1" ind2="3">
         <marc:subfield code="a">al-Ṭarāʾif fī maʻrifat madhāhib al-ṭawāʾif /</marc:subfield>
         <marc:subfield code="c">taʾlīf Raḍī al-Dīn Abī al-Qāsim ʻAlī ibn Mūsá ibn Ṭāwūs al-Ḥasanī al-Ḥusaynī.</marc:subfield>
      </marc:datafield>
      <marc:datafield tag="260" ind1=" " ind2=" ">
         <marc:subfield code="a">[Iran :</marc:subfield>
         <marc:subfield code="b">s.n.],</marc:subfield>
         <marc:subfield code="c">1400 [i.e. 1979]</marc:subfield>
         <marc:subfield code="e">(Qum :</marc:subfield>
         <marc:subfield code="f">Maṭbaʻat al-Khayyām)</marc:subfield>
      </marc:datafield>
      <marc:datafield tag="300" ind1=" " ind2=" ">
         <marc:subfield code="a">12, 568 p. ;</marc:subfield>
         <marc:subfield code="c">25 cm.</marc:subfield>
      </marc:datafield>
      <marc:datafield tag="504" ind1=" " ind2=" ">
         <marc:subfield code="a">Includes bibliographical references.</marc:subfield>
      </marc:datafield>
      <marc:datafield tag="650" ind1=" " ind2="0">
         <marc:subfield code="a">Sunnites.</marc:subfield>
         <marc:subfield code="0">(uri)http://id.loc.gov/authorities/subjects/sh85130552</marc:subfield>
      </marc:datafield>
      <marc:datafield tag="650" ind1=" " ind2="0">
         <marc:subfield code="a">Shīʻah</marc:subfield>
         <marc:subfield code="x">Doctrines.</marc:subfield>
         <marc:subfield code="0">(uri)http://id.loc.gov/authorities/subjects/sh85121391</marc:subfield>
      </marc:datafield>
      <marc:datafield tag="852" ind1="0" ind2=" ">
         <marc:subfield code="b">nec</marc:subfield>
         <marc:subfield code="h">BP166</marc:subfield>
         <marc:subfield code="i">.I268 1979</marc:subfield>
         <marc:subfield code="p">480040</marc:subfield>
         <marc:subfield code="x">reclassed from: 2271.4905.389 1979</marc:subfield>
      </marc:datafield>
      <marc:datafield tag="998" ind1=" " ind2=" ">
         <marc:subfield code="a">07/11/91</marc:subfield>
         <marc:subfield code="s">9118</marc:subfield>
         <marc:subfield code="n">NjP</marc:subfield>
         <marc:subfield code="w">NJPG88B21894</marc:subfield>
         <marc:subfield code="d">04/27/88</marc:subfield>
         <marc:subfield code="c">KVV</marc:subfield>
         <marc:subfield code="b">OLP</marc:subfield>
         <marc:subfield code="i">910711</marc:subfield>
         <marc:subfield code="l">NJPG</marc:subfield>
      </marc:datafield>
      <marc:datafield tag="911" ind1=" " ind2=" ">
         <marc:subfield code="a">19921028</marc:subfield>
      </marc:datafield>
      <marc:datafield tag="912" ind1=" " ind2=" ">
         <marc:subfield code="a">19910711000000.0</marc:subfield>
      </marc:datafield>
   </marc:record>
</marc:collection>
